<?xml version="1.0" encoding="UTF-8"?><collection xmlns="http://www.loc.gov/MARC21/slim"><record><leader>00468nam--2200145-i-4500</leader><controlfield tag="001">000038883</controlfield><controlfield tag="002">20161230</controlfield><controlfield tag="005">20170122224937</controlfield><controlfield tag="008">060222s1000------------r-----000-0-eng-d</controlfield><datafield ind1=" " ind2=" " tag="080"><subfield code="a">669.1.011(498)</subfield></datafield><datafield ind1=" " ind2=" " tag="245"><subfield code="a">Resita, istorie si contemporaneitate. Sub redactia prof.univ.dr.I.Zahiu, conf.univ.dr.D.Mares si conf.univ.ing.T.Cocirla</subfield></datafield><datafield ind1=" " ind2=" " tag="260"><subfield code="a">Resita</subfield><subfield code="b">Com.Municip.Resita Al P.C.R</subfield><subfield code="c">1971</subfield></datafield><datafield ind1=" " ind2=" " tag="300"><subfield code="a">352 p.+ 1 Schita</subfield></datafield><datafield ind1=" " ind2=" " tag="852"><subfield code="a">45908</subfield></datafield><datafield ind1=" " ind2=" " tag="CAT"><subfield code="a">SYS</subfield><subfield code="c">20170122</subfield><subfield code="h">224937</subfield></datafield></record></collection>